@article{sowell2003mapping,
  title={Mapping cortical change across the human life span},
  author={Sowell, Elizabeth R and Peterson, Bradley S and Thompson, Paul M and Welcome, Suzanne E and Henkenius, Amy L and Toga, Arthur W},
  journal={Nature neuroscience},
  volume={6},
  number={3},
  pages={309--315},
  year={2003},
  publisher={Nature Publishing Group}
}
@URL{gudhi,
  title={GUDHI},
  address ={https://gudhi.inria.fr/}
}
@article{banerjee2017microbial,
  title={Microbial signatures associated with oropharyngeal and oral squamous cell carcinomas},
  author={Banerjee, Sagarika and Tian, Tian and Wei, Zhi and Peck, Kristen N and Shih, Natalie and Chalian, Ara A and O’Malley, Bert W and Weinstein, Gregory S and Feldman, Michael D and Alwine, James and others},
  journal={Scientific reports},
  volume={7},
  number={1},
  pages={1--20},
  year={2017},
  publisher={Springer}
}
@article{lum2013extracting,
  title={Extracting insights from the shape of complex data using topology},
  author={Lum, Pek Y and Singh, Gurjeet and Lehman, Alan and Ishkanov, Tigran and Vejdemo-Johansson, Mikael and Alagappan, Muthu and Carlsson, John and Carlsson, Gunnar},
  journal={Scientific reports},
  volume={3},
  number={1},
  pages={1--8},
  year={2013},
  publisher={Springer}
}

@article{nielson2015topological,
  title={Topological data analysis for discovery in preclinical spinal cord injury and traumatic brain injury},
  author={Nielson, Jessica L and Paquette, Jesse and Liu, Aiwen W and Guandique, Cristian F and Tovar, C Amy and Inoue, Tomoo and Irvine, Karen-Amanda and Gensel, John C and Kloke, Jennifer and Petrossian, Tanya C and others},
  journal={Nature communications},
  volume={6},
  number={1},
  pages={8581},
  year={2015},
  publisher={Nature Publishing Group UK London}
}


@article{scarselli2008graph,
  title={The graph neural network model},
  author={Scarselli, Franco and Gori, Marco and Tsoi, Ah Chung and Hagenbuchner, Markus and Monfardini, Gabriele},
  journal={IEEE transactions on neural networks},
  volume={20},
  number={1},
  pages={61--80},
  year={2008},
  publisher={IEEE}
}
@article{singh2021edge,
  title={Edge proposal sets for link prediction},
  author={Singh, Abhay and Huang, Qian and Huang, Sijia Linda and Bhalerao, Omkar and He, Horace and Lim, Ser-Nam and Benson, Austin R},
  journal={arXiv preprint arXiv:2106.15810},
  year={2021}
}

@article{wieder2020compact,
  title={A compact review of molecular property prediction with graph neural networks},
  author={Wieder, Oliver and Kohlbacher, Stefan and Kuenemann, M{\'e}laine and Garon, Arthur and Ducrot, Pierre and Seidel, Thomas and Langer, Thierry},
  journal={Drug Discovery Today: Technologies},
  volume={37},
  pages={1--12},
  year={2020},
  publisher={Elsevier}
}

@article{huang2019text,
  title={Text level graph neural network for text classification},
  author={Huang, Lianzhe and Ma, Dehong and Li, Sujian and Zhang, Xiaodong and Wang, Houfeng},
  journal={arXiv preprint arXiv:1910.02356},
  year={2019}
}
@article{shchur2019overlapping,
  title={Overlapping community detection with graph neural networks},
  author={Shchur, Oleksandr and G{\"u}nnemann, Stephan},
  journal={arXiv preprint arXiv:1909.12201},
  year={2019}
}

@URL{dataset_info,
  title={Dataset-2},
  address ={https://tinyurl.com/523ve8jr}
}
@URL{networkx_graph,
  title={Networkx graph},
  address ={https://networkx.org/documentation/stable/tutorial.html}
}

@URL{to_np,
  title={to numpy},
  address ={https://pandas.pydata.org/pandas-docs/pandas.DataFrame.to_numpy.html}
}
@URL{from_np_matrix,
  title={from numpy matrix},
  address ={https://networkx.org/documentation/from_numpy_matrix.html}
}
@URL{torch_geo_data,
  title={torch.geometric Data},
  address ={https://pytorch-geometric/torch_geometric.data.Data}
}

@URL{Networkx,
  title={Networkx library Python},
  address ={https://networkx.org/}
}


@article{chazal2021introduction,
  title={An introduction to topological data analysis: fundamental and practical aspects for data scientists},
  author={Chazal, Fr{\'e}d{\'e}ric and Michel, Bertrand},
  journal={Frontiers in artificial intelligence},
  volume={4},
  pages={667963},
  year={2021},
  publisher={Frontiers Media SA}
}

@article{kaufmann2019common,
  title={Common brain disorders are associated with heritable patterns of apparent aging of the brain},
  author={Kaufmann, Tobias and van der Meer, Dennis and Doan, Nhat Trung and Schwarz, Emanuel and Lund, Martina J and Agartz, Ingrid and Aln{\ae}s, Dag and Barch, Deanna M and Baur-Streubel, Ramona and Bertolino, Alessandro and others},
  journal={Nature neuroscience},
  volume={22},
  number={10},
  pages={1617--1623},
  year={2019},
  publisher={Nature Publishing Group US New York}
}
@URL{eigen_vector_cent,
  title={eigenvector centrality},
  address ={https://networkx.org/documentation/eigenvector_centrality}
}
@article{bonacich1987power,
  title={Power and centrality: A family of measures},
  author={Bonacich, Phillip},
  journal={American journal of sociology},
  volume={92},
  number={5},
  pages={1170--1182},
  year={1987},
  publisher={University of Chicago Press}
}
@misc{brede2012networks,
  title={Networks—An Introduction. Mark EJ Newman.(2010, Oxford University Press.) 65.38,{\pounds} 35.96 (hardcover), 772 pages. ISBN-978-0-19-920665-0.},
  author={Brede, Markus},
  year={2012},
  publisher={MIT Press One Rogers Street, Cambridge, MA 02142-1209, USA journals-info~…}
}
@misc(GCNConv,
    organization={Graph Convolutional Networks},
    title={Graph Convolutional Networks},
    howpublished={\url{https://pytorch-geometric.readthedocs.io/en/latest/modules/nn.html.torch_geometric.nn.conv.GCNConv}}
)
@misc(Poolinglayers,
    organization={Pytorch Geometric},
    title={Graph Convolutional Networks},
    howpublished={\url{https://pytorch-geometric.readthedocs.io/en/latest/modules/nn.html#pooling-layers}}
)



@misc(SVD,
    organization={Sklearn},
    title={SVD - Sklearn},
    howpublished={\url{https://scikit-learn.org/stable/modules/generated/sklearn.decomposition.TruncatedSVD.html}}
)


@article{nicolau2011topology,
  title={Topology based data analysis identifies a subgroup of breast cancers with a unique mutational profile and excellent survival},
  author={Nicolau, Monica and Levine, Arnold J and Carlsson, Gunnar},
  journal={Proceedings of the National Academy of Sciences},
  volume={108},
  number={17},
  pages={7265--7270},
  year={2011},
  publisher={National Acad Sciences}
}
@article{vallartatopological,
  title={Topological Data Analysis to identify subgroups of type-2 Diabetes Mellitus patients},
  author={Vallarta, Juan}
}

@article{berg2017graph,
  title={Graph convolutional matrix completion},
  author={Berg, Rianne van den and Kipf, Thomas N and Welling, Max},
  journal={arXiv preprint arXiv:1706.02263},
  year={2017}
}
@article{baecker2021machine,
  title={Machine learning for brain age prediction: Introduction to methods and clinical applications},
  author={Baecker, Lea and Garcia-Dias, Rafael and Vieira, Sandra and Scarpazza, Cristina and Mechelli, Andrea},
  journal={EBioMedicine},
  volume={72},
  pages={103600},
  year={2021},
  publisher={Elsevier}
}
@article{besteher2019machine,
  title={Machine-learning based brain age estimation in major depression showing no evidence of accelerated aging},
  author={Besteher, Bianca and Gaser, Christian and Nenadi{\'c}, Igor},
  journal={Psychiatry Research: Neuroimaging},
  volume={290},
  pages={1--4},
  year={2019},
  publisher={Elsevier}
}
@article{kaufmann2019common,
  title={Common brain disorders are associated with heritable patterns of apparent aging of the brain},
  author={Kaufmann, Tobias and van der Meer, Dennis and Doan, Nhat Trung and Schwarz, Emanuel and Lund, Martina J and Agartz, Ingrid and Aln{\ae}s, Dag and Barch, Deanna M and Baur-Streubel, Ramona and Bertolino, Alessandro and others},
  journal={Nature neuroscience},
  volume={22},
  number={10},
  pages={1617--1623},
  year={2019},
  publisher={Nature Publishing Group US New York}
}

@article{franke2019ten,
  title={Ten years of BrainAGE as a neuroimaging biomarker of brain aging: what insights have we gained?},
  author={Franke, Katja and Gaser, Christian},
  journal={Frontiers in neurology},
  pages={789},
  year={2019},
  publisher={Frontiers}
}

@article{tuncc2019early,
  title={Early predictors of functional disability in Guillain--Barr{\'e} Syndrome},
  author={Tun{\c{c}}, Abdulkadir},
  journal={Acta Neurologica Belgica},
  volume={119},
  number={4},
  pages={555--559},
  year={2019},
  publisher={Springer}
}
@article{nalls2013multicenter,
  title={A multicenter study of glucocerebrosidase mutations in dementia with Lewy bodies},
  author={Nalls, Michael A and Duran, Raquel and Lopez, Grisel and Kurzawa-Akanbi, Marzena and McKeith, Ian G and Chinnery, Patrick F and Morris, Christopher M and Theuns, Jessie and Crosiers, David and Cras, Patrick and others},
  journal={JAMA neurology},
  volume={70},
  number={6},
  pages={727--735},
  year={2013},
  publisher={American Medical Association}
}

@article{kaufmann2019common,
  title={Common brain disorders are associated with heritable patterns of apparent aging of the brain},
  author={Kaufmann, Tobias and van der Meer, Dennis and Doan, Nhat Trung and Schwarz, Emanuel and Lund, Martina J and Agartz, Ingrid and Aln{\ae}s, Dag and Barch, Deanna M and Baur-Streubel, Ramona and Bertolino, Alessandro and others},
  journal={Nature neuroscience},
  volume={22},
  number={10},
  pages={1617--1623},
  year={2019},
  publisher={Nature Publishing Group US New York}
}

@article{bessadok2022graph,
  title={Graph neural networks in network neuroscience},
  author={Bessadok, Alaa and Mahjoub, Mohamed Ali and Rekik, Islem},
  journal={IEEE Transactions on Pattern Analysis and Machine Intelligence},
  year={2022},
  publisher={IEEE}
}

@URL{dataset_info1,
  title={Human Connectome dataset},
  address ={https://zenodo.org/record/6770120#.Y5slfy8w30o}
}

@article{kipf2016,
  title={Semi-supervised classification with graph convolutional networks},
  author={Kipf, Thomas N and Welling, Max},
  journal={arXiv preprint arXiv:1609.02907},
  year={2016}
}